<record><leader>00000cas a22000007a 4500</leader><controlfield tag="001">22855141</controlfield><controlfield tag="008">901214d18821886mauwr ne      0    0eng d</controlfield><datafield ind1=" " ind2=" " tag="010"><subfield code="a">sn 89063400 </subfield></datafield><datafield ind1=" " ind2=" " tag="040"><subfield code="a">MGN</subfield><subfield code="b">eng</subfield><subfield code="c">MGN</subfield><subfield code="d">OCLCQ</subfield></datafield><datafield ind1=" " ind2=" " tag="042"><subfield code="a">msc</subfield></datafield><datafield ind1="0" ind2=" " tag="130"><subfield code="a">Waltham record (Waltham, Mass.)</subfield></datafield><datafield ind1="1" ind2="4" tag="245"><subfield code="a">The Waltham record.</subfield></datafield><datafield ind1="3" ind2="0" tag="246"><subfield code="a">Record</subfield></datafield><datafield ind1="1" ind2="3" tag="246"><subfield code="a">Waltham weekly record</subfield><subfield code="f">Dec. 25, 1885-1886</subfield></datafield><datafield ind1=" " ind2=" " tag="260"><subfield code="a">Waltham, Mass. :</subfield><subfield code="b">E.L. Barry</subfield></datafield><datafield ind1=" " ind2=" " tag="300"><subfield code="a">v.</subfield></datafield><datafield ind1=" " ind2=" " tag="310"><subfield code="a">Weekly,</subfield><subfield code="b">Nov. 13, 1885-1886</subfield></datafield><datafield ind1=" " ind2=" " tag="321"><subfield code="a">Weekly,</subfield><subfield code="b">1882-Apr. 11, 1885</subfield></datafield><datafield ind1=" " ind2=" " tag="321"><subfield code="a">Semiweekly,</subfield><subfield code="b">Apr. 14-Nov. 7, 1885</subfield></datafield><datafield ind1="0" ind2=" " tag="362"><subfield code="a">Vol. 6, no. 27 (June 2, 1882)-Feb. 12, 1886.</subfield></datafield><datafield ind1=" " ind2=" " tag="500"><subfield code="a">Published as: The Record, Apr. 14-Nov. 7, 1885.</subfield></datafield><datafield ind1=" " ind2=" " tag="500"><subfield code="a">Published in Marlborough, Mass., Nov. 13, 1885-1886.</subfield></datafield><datafield ind1=" " ind2=" " tag="752"><subfield code="a">United States</subfield><subfield code="b">Massachusetts</subfield><subfield code="c">Middlesex</subfield><subfield code="d">Marlborough.</subfield></datafield><datafield ind1=" " ind2=" " tag="752"><subfield code="a">United States</subfield><subfield code="b">Massachusetts</subfield><subfield code="c">Middlesex</subfield><subfield code="d">Waltham.</subfield></datafield><datafield ind1="0" ind2="0" tag="780"><subfield code="t">Waltham weekly record (Waltham, Mass.)</subfield><subfield code="w">(DLC)sn 89063399</subfield></datafield><datafield ind1="0" ind2="0" tag="785"><subfield code="t">Waltham weekly record (Marlborough, Mass.)</subfield><subfield code="w">(DLC)sn 89063401</subfield></datafield></record>